<record><leader>00000cas a2200000 a 4500</leader><controlfield tag="001">13448139</controlfield><controlfield tag="008">860417d19842011inumr ne      0   a0eng c</controlfield><datafield ind1=" " ind2=" " tag="010"><subfield code="a">sn 86013720 </subfield></datafield><datafield ind1=" " ind2=" " tag="040"><subfield code="a">NSD</subfield><subfield code="b">eng</subfield><subfield code="c">NSD</subfield><subfield code="d">DLC</subfield><subfield code="d">NPH</subfield><subfield code="d">DLC</subfield><subfield code="d">NYS</subfield><subfield code="d">OCLCQ</subfield><subfield code="d">CUS</subfield><subfield code="d">OCLCQ</subfield><subfield code="d">OCLCF</subfield><subfield code="d">OCLCO</subfield><subfield code="d">NPI</subfield><subfield code="d">OCL</subfield></datafield><datafield ind1=" " ind2=" " tag="012"><subfield code="j">0</subfield><subfield code="m">y</subfield></datafield><datafield ind1="0" ind2=" " tag="022"><subfield code="a">0888-0379</subfield><subfield code="l">0888-0379</subfield><subfield code="y">0021-6658</subfield><subfield code="2">1</subfield></datafield><datafield ind1=" " ind2=" " tag="032"><subfield code="a">275580</subfield><subfield code="b">USPS</subfield></datafield><datafield ind1=" " ind2=" " tag="037"><subfield code="b">Jewish Post and Opinion Subscription Dept., P.O. Box 1308-EG, Fort Lee, NJ 07024</subfield></datafield><datafield ind1=" " ind2=" " tag="042"><subfield code="a">pcc</subfield></datafield><datafield ind1=" " ind2=" " tag="043"><subfield code="a">n-us-in</subfield></datafield><datafield ind1="0" ind2="0" tag="050"><subfield code="a">Newspaper</subfield></datafield><datafield ind1="1" ind2=" " tag="082"><subfield code="a">071</subfield><subfield code="2">11</subfield></datafield><datafield ind1="0" ind2=" " tag="130"><subfield code="a">National Jewish post &amp; opinion (Indianapolis, Ind. : 1984)</subfield></datafield><datafield ind1="0" ind2=" " tag="210"><subfield code="a">Natl. Jew. post. opin.</subfield></datafield><datafield ind1=" " ind2="4" tag="222"><subfield code="a">The National Jewish post &amp; opinion</subfield></datafield><datafield ind1="1" ind2="4" tag="245"><subfield code="a">The National Jewish post &amp; opinion.</subfield></datafield><datafield ind1="3" ind2="0" tag="246"><subfield code="a">National Jewish post and opinion</subfield></datafield><datafield ind1="1" ind2="7" tag="246"><subfield code="a">Jewish post and opinion</subfield></datafield><datafield ind1=" " ind2=" " tag="260"><subfield code="a">Indianapolis, Ind. :</subfield><subfield code="b">G. Cohen,</subfield><subfield code="c">[1984-2011]</subfield></datafield><datafield ind1=" " ind2=" " tag="300"><subfield code="a">28 v. :</subfield><subfield code="b">ill. ;</subfield><subfield code="c">28-40 cm.</subfield></datafield><datafield ind1=" " ind2=" " tag="310"><subfield code="a">Monthly,</subfield><subfield code="b">Apr. 21, 2010-May 18, 2011</subfield></datafield><datafield ind1=" " ind2=" " tag="321"><subfield code="a">Frequency varies,</subfield><subfield code="b">Mar. 21, 1984-Mar. 24, 2010</subfield></datafield><datafield ind1="0" ind2=" " tag="362"><subfield code="a">Vol. 50, no. 28 (Mar. 21, 1984)-v. 77, no. 8 (May 18, 2011).</subfield></datafield><datafield ind1=" " ind2=" " tag="515"><subfield code="a">Issues for July 17, 1985-May 18, 2011 called also 28 Tammuz 5746-14 Iyar 5771.</subfield></datafield><datafield ind1=" " ind2=" " tag="588"><subfield code="a">Latest issue consulted: Vol. 77, no. 8 (May 18, 2011).</subfield></datafield><datafield ind1=" " ind2="0" tag="650"><subfield code="a">Jewish newspapers</subfield><subfield code="z">Indiana</subfield><subfield code="z">Indianapolis.</subfield></datafield><datafield ind1=" " ind2="0" tag="650"><subfield code="a">Jewish newspapers</subfield><subfield code="z">United States.</subfield></datafield><datafield ind1=" " ind2="0" tag="651"><subfield code="a">Indianapolis (Ind.)</subfield><subfield code="v">Newspapers.</subfield></datafield><datafield ind1=" " ind2="0" tag="651"><subfield code="a">Marion County (Ind.)</subfield><subfield code="v">Newspapers.</subfield></datafield><datafield ind1=" " ind2="7" tag="650"><subfield code="a">Jewish newspapers.</subfield><subfield code="2">fast</subfield><subfield code="0">(OCoLC)fst00982872</subfield></datafield><datafield ind1=" " ind2="7" tag="651"><subfield code="a">Indiana</subfield><subfield code="z">Indianapolis.</subfield><subfield code="2">fast</subfield><subfield code="0">(OCoLC)fst01205182</subfield></datafield><datafield ind1=" " ind2="7" tag="651"><subfield code="a">Indiana</subfield><subfield code="z">Marion County.</subfield><subfield code="2">fast</subfield><subfield code="0">(OCoLC)fst01213920</subfield></datafield><datafield ind1=" " ind2="7" tag="651"><subfield code="a">United States.</subfield><subfield code="2">fast</subfield><subfield code="0">(OCoLC)fst01204155</subfield></datafield><datafield ind1=" " ind2="7" tag="655"><subfield code="a">Newspapers.</subfield><subfield code="2">fast</subfield><subfield code="0">(OCoLC)fst01423814</subfield></datafield><datafield ind1=" " ind2=" " tag="752"><subfield code="a">United States</subfield><subfield code="b">Indiana</subfield><subfield code="c">Marion</subfield><subfield code="d">Indianapolis.</subfield></datafield><datafield ind1="0" ind2="8" tag="776"><subfield code="i">Online version:</subfield><subfield code="t">National Jewish post &amp; opinion (Indianapolis, Ind. : 1984 : Online)</subfield><subfield code="w">(OCoLC)60638159</subfield></datafield><datafield ind1="0" ind2="0" tag="780"><subfield code="t">Jewish post and opinion</subfield><subfield code="w">(DLC)sn 78004082</subfield><subfield code="w">(OCoLC)3431463</subfield></datafield><datafield ind1="0" ind2="0" tag="785"><subfield code="t">Jewish post &amp; opinion (Indianapolis, Ind. : 2011)</subfield><subfield code="w">(OCoLC)746765679</subfield></datafield><datafield ind1="4" ind2="1" tag="856"><subfield code="3">2009-2011</subfield><subfield code="u">http://jewishpostopinion.com/?page_id=1082</subfield></datafield></record>